@misc{dbeaz2018,
  author = {David Beazley},
  title = {{Reinventing the Parser Generator}},
  howpublished = {Pycon 2018, \url{https://youtu.be/zJ9z6Ge-vXs}}
}

@misc{sly,
  author = {David Beazley},
  title = {{SLY (Sly Lex-Yacc)}},
  howpublished = {GitHub repository, \url{https://github.com/dabeaz/sly}}
}

@misc{ply,
  author = {David Beazley},
  title = {{PLY (Python Lex-Yacc)}},
  howpublished = {GitHub repository, \url{https://github.com/dabeaz/ply}}
}

@misc{yacc,
  title = {{The Lex \& Yacc Page}},
  howpublished = {\url{http://dinosaur.compilertools.net}}
}

@book{levine1992,
  author = {John Levine and Doug Brown and Tony Mason},
  title = {{lex \& yacc}},
  edition = {2nd},
  publisher = {O'Reilly Media, Inc.},
  ISBN = {9781565920002},
  year = {1992}
}

@misc{cantrill2017,
  author = {Bryan Cantrill},
  title = {{Zebras All the Way Down}},
  howpublished = {Uptime 2017, \url{https://youtu.be/fE2KDzZaxvE}},
}

@misc{pyra_git,
  author = {Conor O'Brien},
  title = {{Pyramid Scheme}},
  howpublished = {GitHub repository, \url{https://github.com/ConorOBrien-Foxx/Pyramid-Scheme}},
  year = {2017},
}

@misc{psll_git,
  author = {Marcin Konowalczyk},
  title = {{psll-lang}},
  howpublished = {GitHub repository, \url{https://github.com/MarcinKonowalczyk/psll-lang}},
  year = {2020},
}

@misc{pyra_esolang,
  title = {Pyramid Scheme},
  howpublished = {Esolang wiki, \url{https://esolangs.org/wiki/Pyramid_Scheme}}
}

@misc{tio,
  title = {{Try It Online!}},
  howpublished = {\url{https://tio.run}}
}

@book{cooper2011,
  author = {Torczon, Linda and Cooper, Keith},
  title = {{Engineering A Compiler}},
  year = {2007},
  isbn = {012088478X},
  publisher = {Morgan Kaufmann Publishers Inc.},
  address = {San Francisco, CA, USA},
  edition = {2nd}
}

@misc{golf_se,
  title = {{Code Golf Stackexchange}},
  howpublished = {\url{https://codegolf.stackexchange.com}}
}

@misc{blen_git,
  author = {Blaine Rodgers},
  title = {{High-Octane Rumble Simulation Engine}},
  howpublished = {GitHub repo, \url{https://github.com/PaperclipBadger/high-octane-rumble-simulation-engine}},
  year = {2017},
  }

@misc{blow2020,
  author = {Jonathan Blow and Casey Muratori},
  title = {{Making Programming Language Parsers}},
  howpublished = {\url{https://youtu.be/MnctEW1oL-E}},
  year = {2020}
}

@misc{blow2020qna,
  author = {Jonathan Blow and Casey Muratori},
  title = {{Q\&A: Making Programming Language Parsers}},
  howpublished = {\url{https://youtu.be/lcF-HzlFYKE}, Starting at minute 8.00},
  year = {2020}
}

@misc{muratori2018,
  author = {Casey Muratori},
  title = {{The Thirty Million Line Problem}},
  howpublished = {\url{https://youtu.be/kZRE7HIO3vk}},
  year = {2018}
}

@misc{psnegation,
  author = {Conor O'Brien},
  title = {{Pyramid Scheme Negation}},
  howpublished = {Code Golf question, \url{https://codegolf.stackexchange.com/questions/147513/pyramid-scheme-negation}}
}

@misc{psnegation_answer,
  author = {Marcin Konowalczyk},
  title = {{\enquote{Pyramid Scheme Negation} in Pyramid Scheme}},
  howpublished = {Code Golf answer, \url{https://codegolf.stackexchange.com/a/208938/68200}}
}

@misc{smbc,
  author = {Zachary Weinersmith},
  title = {{Ewok Village of Life}},
  howpublished = {SMBC, \url{https://www.smbc-comics.com/comic/2012-04-08}}
}

@article{keeling2008,
  author = {Keeling, Patrick J. and Palmer, Jeffrey D.},
  title = {{Horizontal gene transfer in eukaryotic evolution}},
  year = {2008},
  journal = {Nature Reviews Genetics},
  page = {605-618},
  howpublished = {\url{https://doi.org/10.1038/nrg2386}}
}

@misc{krishnamurthi2019,
  author = {Shriram Krishnamurthi},
  title = {{On the Expressive Power of Programming Languages}},
  howpublished = {PWLConf, \url{https://youtu.be/43XaZEn2aLc}},
  year = {2019}
}

@misc{more_itertools,
  author = {Erik Rose and Bo Bayles},
  title = {\texttt{more-itertools}},
  howpublished = {GitHub repo: \url{https://github.com/more-itertools/more-itertools}}
}